@article{chang2009reading,
  title={Reading tea leaves: How humans interpret topic models},
  author={Chang, Jonathan and Gerrish, Sean and Wang, Chong and Boyd-Graber, Jordan and Blei, David},
  journal={Advances in neural information processing systems},
  volume={22},
  year={2009}
}

@article{zhou2009text,
  title={Text categorization based on topic model},
  author={Zhou, Shibin and Li, Kan and Liu, Yushu},
  journal={International Journal of Computational Intelligence Systems},
  volume={2},
  number={4},
  pages={398--409},
  year={2009},
  publisher={Taylor \& Francis}
}

@inproceedings{varshney2014modeling,
  title={Modeling information diffusion in social networks using latent topic information},
  author={Varshney, Devesh and Kumar, Sandeep and Gupta, Vineet},
  booktitle={Intelligent Computing Theory: 10th International Conference, ICIC 2014, Taiyuan, China, August 3-6, 2014. Proceedings 10},
  pages={137--148},
  year={2014},
  organization={Springer}
}

@inproceedings{yeh2010recommendation,
  title={Recommendation based on latent topics and social network analysis},
  author={Yeh, Jian-hua and Wu, Meng-lun},
  booktitle={2010 Second International Conference on Computer Engineering and Applications},
  volume={1},
  pages={209--213},
  year={2010},
  organization={IEEE}
}

@inproceedings{alekseev2018intra,
  title={Intra-text coherence as a measure of topic models' interpretability},
  author={Alekseev, Vasily A and Bulatov, Vladmir G and Vorontsov, Konstantin V},
  booktitle={Komp'juternaja Lingvistika i Intellektual'nye Tehnologii},
  pages={1--13},
  year={2018}
}

@article{vulic2013cross,
  title={Cross-language information retrieval models based on latent topic models trained with document-aligned comparable corpora},
  author={Vuli{\'c}, Ivan and De Smet, Wim and Moens, Marie-Francine},
  journal={Information Retrieval},
  volume={16},
  pages={331--368},
  year={2013},
  publisher={Springer}
}
@inproceedings{role2011handling,
  title={Handling the impact of low frequency events on co-occurrence based measures of word similarity-a case study of pointwise mutual information},
  author={Role, Fran{\c{c}}ois and Nadif, Mohamed},
  booktitle={International Conference on Knowledge Discovery and Information Retrieval},
  volume={2},
  pages={218--223},
  year={2011},
  organization={Scitepress}
}

@article{la2015probabilistic,
  title={Probabilistic topic modeling for the analysis and classification of genomic sequences},
  author={La Rosa, Massimo and Fiannaca, Antonino and Rizzo, Riccardo and Urso, Alfonso},
  journal={BMC bioinformatics},
  volume={16},
  pages={1--9},
  year={2015},
  publisher={Springer}
}

@inproceedings{ianina2018multi,
  title={Multi-objective topic modeling for exploratory search in tech news},
  author={Ianina, Anastasia and Golitsyn, Lev and Vorontsov, Konstantin},
  booktitle={Artificial Intelligence and Natural Language: 6th Conference, AINL 2017, St. Petersburg, Russia, September 20--23, 2017, Revised Selected Papers 6},
  pages={181--193},
  year={2018},
  organization={Springer}
}

@article{vorontsov2023BigARTM,
    author = {Воронцов, Константин},
    title = {Вероятностное тематическое моделирование: теория регуляризации ARTM и библиотека с исходным кодом BigARTM},
    journal = {МВ Ломоносова},
    year = {2023},
}

@inproceedings{newman-etal-2010-automatic,
    title = "Automatic Evaluation of Topic Coherence",
    author = "Newman, David  and
      Lau, Jey Han  and
      Grieser, Karl  and
      Baldwin, Timothy",
    editor = "Kaplan, Ron  and
      Burstein, Jill  and
      Harper, Mary  and
      Penn, Gerald",
    booktitle = "Human Language Technologies: The 2010 Annual Conference of the North {A}merican Chapter of the Association for Computational Linguistics",
    month = jun,
    year = "2010",
    address = "Los Angeles, California",
    publisher = "Association for Computational Linguistics",
    url = "https://aclanthology.org/N10-1012",
    pages = "100--108",
}

@InProceedings{bulatov-EtAl:2020:LREC,
  author    = {Bulatov, Victor  and  Alekseev, Vasiliy  and  Vorontsov, Konstantin  and  Polyudova, Darya  and  Veselova, Eugenia  and  Goncharov, Alexey  and  Egorov, Evgeny},
  title     = {TopicNet: Making Additive Regularisation for Topic Modelling Accessible},
  booktitle      = {Proceedings of The 12th Language Resources and Evaluation Conference},
  month          = {May},
  year           = {2020},
  address        = {Marseille, France},
  publisher      = {European Language Resources Association},
  pages     = {6747--6754},
  url       = {https://www.aclweb.org/anthology/2020.lrec-1.833}
}

@misc{jurafskyspeech,
  title={Speech and Language Processing: An Introduction to Natural Language Processing, Computational Linguistics, and Speech Recognition},
  author={Jurafsky, Daniel and Martin, James H}
}